@inproceedings{Abu-Jbara2012,
 author = {Abu-Jbara, Amjad and Radev, Dragomir},
 title = {Reference Scope Identification in Citing Sentences},
 booktitle = {Proceedings of the 2012 Conference of the North American Chapter of the Association for Computational Linguistics: Human Language Technologies},
 series = {NAACL HLT '12},
 year = {2012},
 isbn = {978-1-937284-20-6},
 location = {Montreal, Canada},
 pages = {80--90},
 numpages = {11},
 url = {http://dl.acm.org/citation.cfm?id=2382029.2382041},
 acmid = {2382041},
 publisher = {Association for Computational Linguistics},
 address = {Stroudsburg, PA, USA},
}
