@InProceedings{Abujbara2013,
  author = 	"Abu-Jbara, Amjad
		and Ezra, Jefferson
		and Radev, Dragomir",
  title = 	"Purpose and Polarity of Citation: Towards NLP-based Bibliometrics",
  booktitle = 	"Proceedings of the 2013 Conference of the North American Chapter of the Association for Computational Linguistics: Human Language Technologies",
  year = 	"2013",
  publisher = 	"Association for Computational Linguistics",
  pages = 	"596--606",
  location = 	"Atlanta, Georgia",
  url = 	"http://aclweb.org/anthology/N13-1067"
}

