@book{Aggarwal2016,
 author = {Aggarwal, Charu C.},
 title = {{Recommender Systems: The Textbook}},
 year = {2016},
 isbn = {3319296574, 9783319296579},
 edition = {1st},
 publisher = {Springer Publishing Company, Incorporated},
}
