@inproceedings{Aizawa2014,
author = {Aizawa, Akiko and Kohlhase, Michael and Ounis, Iadh and Schubotz, Moritz},
year = {2014},
month = dec,
booktitle={Proceedings of the 11th NTCIR Conference},
volume={11},
pages={88--98},
title = {{NTCIR-11 Math-2 Task Overview}}
}
