@article{Animesh2018,
  title={Neural ParsCit: A Deep Learning Based Reference String Parser},
  author={Prasad, Animesh and Kaur, Manpreet and Kan, Min-Yen},
  journal={International Journal on Digital Libraries},
  volume={19},
  pages={323-337},
  year={2018},
  publisher={Springer},
  url={https://link.springer.com/article/10.1007/s00799-018-0242-1}
}
