@inproceedings{Anzaroot2013,
  title={A New Dataset for Fine-Grained Citation Field Extraction},
  author={Sam Anzaroot and Andrew McCallum},
  year={2013},
  booktitle = {ICML Workshop on Peer Reviewing and Publishing Models}
}
