@article{Ayala2018,
author = {Ayala-Gómez, Frederick and Daróczy, Bálint and Benczúr, András and Mathioudakis, Michael and Gionis, Aristides},
year = {2018},
month = {05},
pages = {3089-3100},
title = {Global citation recommendation using knowledge graphs},
volume = {34},
journal = {Journal of Intelligent & Fuzzy Systems},
doi = {10.3233/JIFS-169493}
}
