@INPROCEEDINGS{Bast2017,
author={H. Bast and C. Korzen}, 
booktitle={2017 ACM/IEEE Joint Conference on Digital Libraries (JCDL)}, 
title={A Benchmark and Evaluation for Text Extraction from PDF}, 
year={2017}, 
volume={}, 
number={}, 
pages={1-10}, 
keywords={information retrieval;text analysis;text extraction tool;PDF document;parallel TeX;arXiv.org;Icecite;electronic document formats;Portable document format;Semantics;Benchmark testing;Tools;Data mining;Libraries;Google}, 
doi={10.1109/JCDL.2017.7991564}, 
ISSN={},
month={June},}
