@article{Beel2018,
  author    = {J{\"{o}}ran Beel},
  title     = {It's Time to Consider "Time" when Evaluating Recommender-System Algorithms
               [Proposal]},
  journal   = {CoRR},
  volume    = {abs/1708.08447},
  year      = {2017},
  url       = {http://arxiv.org/abs/1708.08447},
  archivePrefix = {arXiv},
  eprint    = {1708.08447},
  timestamp = {Mon, 13 Aug 2018 16:48:19 +0200},
  biburl    = {https://dblp.org/rec/bib/journals/corr/abs-1708-08447},
  bibsource = {dblp computer science bibliography, https://dblp.org}
}
