@inproceedings{Beel:2013:RPR:2532508.2532512,
 author = {Beel, Joeran and Langer, Stefan and Genzmehr, Marcel and Gipp, Bela and Breitinger, Corinna and N\"{u}rnberger, Andreas},
 title = {Research Paper Recommender System Evaluation: A Quantitative Literature Survey},
 booktitle = {Proceedings of the International Workshop on Reproducibility and Replication in Recommender Systems Evaluation},
 series = {RepSys '13},
 year = {2013},
 isbn = {978-1-4503-2465-6},
 location = {Hong Kong, China},
 pages = {15--22},
 numpages = {8},
 url = {http://doi.acm.org/10.1145/2532508.2532512},
 doi = {10.1145/2532508.2532512},
 acmid = {2532512},
 publisher = {ACM},
 address = {New York, NY, USA},
 keywords = {comparative study, evaluation, recommender systems, research paper recommender systems, survey},
}
