@article{Beel2017,
  author    = {J{\"{o}}ran Beel and
               Siddharth Dinesh},
  title     = {Real-World Recommender Systems for Academia: The Pain and Gain in
               Building, Operating, and Researching them [Long Version]},
  journal   = {CoRR},
  volume    = {abs/1704.00156},
  year      = {2017},
  url       = {http://arxiv.org/abs/1704.00156},
  archivePrefix = {arXiv},
  eprint    = {1704.00156},
  timestamp = {Mon, 13 Aug 2018 16:48:46 +0200},
  biburl    = {https://dblp.org/rec/bib/journals/corr/BeelD17},
  bibsource = {dblp computer science bibliography, https://dblp.org}
}
