@article{Berger2016,
author = {Berger, Matthew and McDonough, Katherine and M. Seversky, Lee},
year = {2016},
month = {01},
pages = {1-1},
title = {Cite2vec: Citation-Driven Document Exploration via Word Embeddings},
volume = {23},
journal = {IEEE Transactions on Visualization and Computer Graphics},
doi = {10.1109/TVCG.2016.2598667}
}
