@inproceedings{Bertin2018,
  TITLE = {{InTeReC: In-text Reference Corpus for Applying Natural Language Processing to Bibliometrics}},
  AUTHOR = {Bertin, Marc and Atanassova, Iana},
  URL = {https://hal.archives-ouvertes.fr/hal-01742178},
  BOOKTITLE = {{7th International Workshop on Bibliometric-enhanced Information Retrieval (BIR 2018)  to be held as part of the 40th European Conference on Information Retrieval (ECIR)}},
  ADDRESS = {Grenoble, France},
  YEAR = {2018},
  MONTH = Mar,
  HAL_ID = {hal-01742178},
  HAL_VERSION = {v1},
}
