@book{Besnard2008,
 author = {Besnard, Philippe and Hunter, Anthony},
 title = {Elements of Argumentation},
 year = {2008},
 isbn = {0262026430, 9780262026437},
 publisher = {The MIT Press},
}
