@inproceedings{Bhagavatula2018,
  title={Content-Based Citation Recommendation},
  author={Chandra Bhagavatula and Sergey Feldman and Russell Power and Waleed Ammar},
  booktitle={NAACL-HLT},
  year={2018}
}
