@inproceedings{Bird2008,
    author = "Steven Bird and Robert Dale and Bonnie J. Dorr and Bryan R. Gibson and Mark Thomas Joseph and Min{-}Yen Kan and Dongwon Lee and Brett Powley and Dragomir R. Radev and Yee Fan Tan",
    booktitle = "{Proceedings of the International Conference on Language Resources and Evaluation}",
    location = "{Marrakech, Morocco}",
    series = "{{LREC} 2008}",
    title = "{The {ACL} Anthology Reference Corpus: {A} Reference Dataset for Bibliographic Research in Computational Linguistics}",
    year = "2008"
}
