@inproceedings{Bollacker1998,
 author = {Bollacker, Kurt D. and Lawrence, Steve and Giles, C. Lee},
 title = {CiteSeer: An Autonomous Web Agent for Automatic Retrieval and Identification of Interesting Publications},
 booktitle = {Proceedings of the Second International Conference on Autonomous Agents},
 series = {AGENTS '98},
 year = {1998},
 isbn = {0-89791-983-1},
 location = {Minneapolis, Minnesota, USA},
 pages = {116--123},
 numpages = {8},
 url = {http://doi.acm.org/10.1145/280765.280786},
 doi = {10.1145/280765.280786},
 acmid = {280786},
 publisher = {ACM},
 address = {New York, NY, USA},
}
