@article{Brown2001,
    title="Interval Estimation for a Binomial Proportion",
    author="Lawrence D. {Brown} and T. Tony {Cai} and Anirban {DasGupta}",
    journal="Statistical Science",
    volume="16",
    number="2",
    pages="101--133",
    year="2001"
}
