@unpublished{CiteRecSurvey,
 author     = {Michael F{\"{a}}rber and Adam Jatowt},
 title      = "{Citation Recommendation for Scientific Publications}",
}
