@article{claimbuster,
author = {Hassan, Naeemul and Adair, Bill and Hamilton, James and Li, Chengkai and Tremayne, Mark and Yang, Jun and Yu, Cong},
year = {2015},
month = {10},
pages = {},
title = {The Quest to Automate Fact-Checking},
booktitle = {Proceedings of the 2015 Computation + Journalism Symposium}
}
