@inproceedings{DelCorro2013,
  title={{ClausIE: clause-based open information extraction}},
  author={Del Corro, Luciano and Gemulla, Rainer},
  booktitle={Proceedings of the 22nd international conference on World Wide Web},
  pages={355--366},
  year={2013},
  organization={ACM}
}
