@inproceedings{DiNoia2012,
 author = {Di Noia, Tommaso and Mirizzi, Roberto and Ostuni, Vito Claudio and Romito, Davide and Zanker, Markus},
 title = {Linked Open Data to Support Content-based Recommender Systems},
 booktitle = {Proceedings of the 8th International Conference on Semantic Systems},
 series = {I-SEMANTICS '12},
 year = {2012},
 isbn = {978-1-4503-1112-0},
 location = {Graz, Austria},
 pages = {1--8},
 numpages = {8},
 url = {http://doi.acm.org/10.1145/2362499.2362501},
 doi = {10.1145/2362499.2362501},
 acmid = {2362501},
 publisher = {ACM},
 address = {New York, NY, USA},
 keywords = {DBpedia, LinkedMDB, content-based recommender systems, freebase, linked data, movielens, precision, recall, semantic web, vector space model},
}
