@article{Duma2016,
  title={Rhetorical Classification of Anchor Text for Citation Recommendation},
  author={Daniel Duma and Ewan Klein and Maria Liakata and James Ravenscroft and Amanda Clare},
  journal={D-Lib Magazine},
  year={2016},
  volume={22}
}
