@inproceedings{Duma2014,
  title={Citation resolution: A method for evaluating context-based citation recommendation systems},
  author={Duma, Daniel and Klein, Ewan},
  booktitle={Proceedings of the 52nd Annual Meeting of the Association for Computational Linguistics (Volume 2: Short Papers)},
  volume={2},
  pages={358--363},
  year={2014}
}
