@inproceedings{Ebesu2017,
 author = {Ebesu, Travis and Fang, Yi},
 title = {Neural Citation Network for Context-Aware Citation Recommendation},
 booktitle = {Proceedings of the 40th International ACM SIGIR Conference on Research and Development in Information Retrieval},
 series = {SIGIR '17},
 year = {2017},
 isbn = {978-1-4503-5022-8},
 location = {Shinjuku, Tokyo, Japan},
 pages = {1093--1096},
 numpages = {4},
 url = {http://doi.acm.org/10.1145/3077136.3080730},
 doi = {10.1145/3077136.3080730},
 acmid = {3080730},
 publisher = {ACM},
 address = {New York, NY, USA},
 keywords = {citation recommendation, deep learning, neural machine translation},
}
