@article{elkiss2008blind,
  title={{Blind men and elephants: What do citation summaries tell us about a research article?}},
  author={Elkiss, Aaron and Shen, Siwei and Fader, Anthony and Erkan, G{\"u}ne{\c{s}} and States, David and Radev, Dragomir},
  journal={Journal of the American Society for Information Science and Technology},
  volume={59},
  number={1},
  pages={51--62},
  year={2008},
  publisher={Wiley Online Library}
}
