@inproceedings{FaerberLREC2018,
 author     = {Michael F{\"{a}}rber and Alexander Thiemann and Adam Jatowt},
 title      = "{A High-Quality Gold Standard for Citation-based Tasks}",
 booktitle  = "{Proceedings of the 11th International Conference on Language Resources and Evaluation}",
 series    = "{{LREC} 2018}",
 year       = {2018}
}
