@inproceedings{Faerber2018b,
 author     = {Michael F{\"{a}}rber and Alexander Thiemann and Adam Jatowt},
 title      = "{To Cite, or Not to Cite? Detecting Citation Contexts in Text}",
 booktitle  = "{Proceedings of the 40th European Conference on Information Retrieval}",
 series    = "{{ECIR} 2018}",
 year       = {2018}
 }
