@InProceedings{Gabor2018,
  author =  "G{\'a}bor, Kata
        and Buscaldi, Davide
        and Schumann, Anne-Kathrin
        and QasemiZadeh, Behrang
        and Zargayouna, Haifa
        and Charnois, Thierry",
  title =   "SemEval-2018 Task 7: Semantic Relation Extraction and Classification in Scientific Papers",
  booktitle =   "Proceedings of The 12th International Workshop on Semantic Evaluation",
  year =    "2018",
  publisher =   "Association for Computational Linguistics",
  pages =   "679--688",
  location =    "New Orleans, Louisiana",
  doi =     "10.18653/v1/S18-1111",
  url =     "http://aclweb.org/anthology/S18-1111"
}
