@inproceedings{Galke2018,
 author = {Galke, Lukas and Mai, Florian and Vagliano, Iacopo and Scherp, Ansgar},
 title = {Multi-Modal Adversarial Autoencoders for Recommendations of Citations and Subject Labels},
 booktitle = {Proceedings of the 26th Conference on User Modeling, Adaptation and Personalization},
 series = {UMAP '18},
 year = {2018},
 isbn = {978-1-4503-5589-6},
 location = {Singapore, Singapore},
 pages = {197--205},
 numpages = {9},
 url = {http://doi.acm.org/10.1145/3209219.3209236},
 doi = {10.1145/3209219.3209236},
 acmid = {3209236},
 publisher = {ACM},
 address = {New York, NY, USA},
 keywords = {adversarial autoencoders, multi-modal, neural networks, recommender systems, sparsity},
}
