@article{Gao2016,
    author = {Gao, Chao AND Wang, Zhen AND Li, Xianghua AND Zhang, Zili AND Zeng, Wei},
    journal = {PLOS ONE},
    publisher = {Public Library of Science},
    title = {{PR-Index: Using the h-Index and PageRank for Determining True Impact}},
    year = {2016},
    month = {09},
    volume = {11},
    url = {https://doi.org/10.1371/journal.pone.0161755},
    pages = {1-13},
    number = {9},
    doi = {10.1371/journal.pone.0161755}
}
