@article{garcia2012rdfising,
  title={RDFising PubMed Central},
  author={Garcia, Alexander and Garcia, Leyla Jael and McLaughlin, Casey and Flager, Stephen},
  journal={Bio-ontologies, Long Beach},
  year={2012}
}
