@article{Ginsparg1994,
 author = {Ginsparg, Paul},
 title = {First Steps Towards Electronic Research Communication},
 journal = {Computers in Physics},
 issue_date = {July/Aug. 1994},
 volume = {8},
 number = {4},
 month = jul,
 year = {1994},
 issn = {0894-1866},
 pages = {390--396},
 numpages = {7},
 url = {http://dx.doi.org/10.1063/1.4823313},
 doi = {10.1063/1.4823313},
 acmid = {187185},
 publisher = {American Institute of Physics Inc.},
 address = {Woodbury, NY, USA},
}
