@inproceedings{Gipp2015,
  title={CITREC : An Evaluation Framework for Citation-Based Similarity Measures based on TREC Genomics and PubMed Central},
  url={http://hdl.handle.net/2142/73680},
  year={2015},
  publisher={iSchools},
  booktitle={iConference 2015 Proceedings},
  author={Gipp, Bela and Meuschke, Norman and Lipinski, Mario}
}
