@inproceedings{Gipp:2010:CBP:1810617.1810671,
 author = {Gipp, Bela and Beel, J\"{o}ran},
 title = {Citation Based Plagiarism Detection: A New Approach to Identify Plagiarized Work Language Independently},
 booktitle = {Proceedings of the 21st ACM Conference on Hypertext and Hypermedia},
 series = {HT '10},
 year = {2010},
 isbn = {978-1-4503-0041-4},
 location = {Toronto, Ontario, Canada},
 pages = {273--274},
 numpages = {2},
 url = {http://doi.acm.org/10.1145/1810617.1810671},
 doi = {10.1145/1810617.1810671},
 acmid = {1810671},
 publisher = {ACM},
 address = {New York, NY, USA},
 keywords = {citation analysis, citation order analysis, duplicate detection, language independent, plagiarism detection},
} 
