@article{Habernal2017,
 author = {Habernal, Ivan and Gurevych, Iryna},
 title = {Argumentation Mining in User-generated Web Discourse},
 journal = {Comput. Linguist.},
 issue_date = {April 2017},
 volume = {43},
 number = {1},
 month = apr,
 year = {2017},
 issn = {0891-2017},
 pages = {125--179},
 numpages = {55},
 url = {https://doi.org/10.1162/COLI_a_00276},
 doi = {10.1162/COLI_a_00276},
 acmid = {3097259},
 publisher = {MIT Press},
 address = {Cambridge, MA, USA},
}
