@inproceedings{He2011,
 author = {He, Qi and Kifer, Daniel and Pei, Jian and Mitra, Prasenjit and Giles, C. Lee},
 title = {Citation Recommendation Without Author Supervision},
 booktitle = {Proceedings of the Fourth ACM International Conference on Web Search and Data Mining},
 series = {WSDM '11},
 year = {2011},
 isbn = {978-1-4503-0493-1},
 location = {Hong Kong, China},
 pages = {755--764},
 numpages = {10},
 url = {http://doi.acm.org/10.1145/1935826.1935926},
 doi = {10.1145/1935826.1935926},
 acmid = {1935926},
 publisher = {ACM},
 address = {New York, NY, USA},
 keywords = {bibliometrics, context, extraction, recommender systems},
}
