@inproceedings{He2018,
  title={Temporal Representations of Citations for Understanding the Changing Roles of Scientific Publications},
  author={Jian He and Chaomei Chen},
  booktitle={Front. Res. Metr. Anal.},
  year={2018}
}
