@inproceedings{He2010,
 author = {He, Qi and Pei, Jian and Kifer, Daniel and Mitra, Prasenjit and Giles, Lee},
 title = {Context-aware Citation Recommendation},
 booktitle = {Proceedings of the 19th International Conference on World Wide Web},
 series = {WWW '10},
 year = {2010},
 isbn = {978-1-60558-799-8},
 location = {Raleigh, North Carolina, USA},
 pages = {421--430},
 numpages = {10},
 url = {http://doi.acm.org/10.1145/1772690.1772734},
 doi = {10.1145/1772690.1772734},
 acmid = {1772734},
 publisher = {ACM},
 address = {New York, NY, USA},
 keywords = {bibliometrics, context, gleason's theorem, recommender systems},
}
