@article{Hernandez2016, title={Survey about citation context analysis: Tasks, techniques, and resources}, volume={22}, DOI={10.1017/S1351324915000388}, number={3}, journal={Natural Language Engineering}, publisher={Cambridge University Press}, author={HERNÁNDEZ-ALVAREZ, MYRIAM and GOMEZ, JOSÉ M.}, year={2016}, pages={327–349}}
