@article{Herrmannova2016,
  author    = {Drahomira Herrmannova and
               Petr Knoth},
  title     = {An Analysis of the Microsoft Academic Graph},
  journal   = {D-Lib Magazine},
  volume    = {22},
  number    = {9/10},
  year      = {2016},
  url       = {https://doi.org/10.1045/september2016-herrmannova},
  doi       = {10.1045/september2016-herrmannova},
  timestamp = {Sun, 28 May 2017 13:24:39 +0200},
  biburl    = {https://dblp.org/rec/bib/journals/dlib/HerrmannovaK16a},
  bibsource = {dblp computer science bibliography, https://dblp.org}
}
