@inproceedings{Huang2015,
 author = {Huang, Wenyi and Wu, Zhaohui and Liang, Chen and Mitra, Prasenjit and Giles, C. Lee},
 title = {A Neural Probabilistic Model for Context Based Citation Recommendation},
 booktitle = {Proceedings of the Twenty-Ninth AAAI Conference on Artificial Intelligence},
 series = {AAAI'15},
 year = {2015},
 isbn = {0-262-51129-0},
 location = {Austin, Texas},
 pages = {2404--2410},
 numpages = {7},
 url = {http://dl.acm.org/citation.cfm?id=2886521.2886655},
 acmid = {2886655},
 publisher = {AAAI Press},
}
