@INPROCEEDINGS{Huang2014, 
author={W. {Huang} and and P. {Mitra} and C. L. {Giles}}, 
booktitle={IEEE/ACM Joint Conference on Digital Libraries}, 
title={RefSeer: A citation recommendation system}, 
year={2014}, 
volume={}, 
number={}, 
pages={371-374}, 
keywords={citation analysis;recommender systems;citation recommendation system;RefSeer;topic based global recommendation;citation-context based local recommendation;Context;Computational modeling;Training;Complexity theory;Context modeling;Bibliographies;Search engines;Citation recommendation;RefSeer}, 
doi={10.1109/JCDL.2014.6970192}, 
ISSN={}, 
month={Sep.},}
