@article{Huh2014,
author = {Huh Sun},
title = {{Journal Article Tag Suite 1.0: National Information Standards Organization standard of journal extensible markup language}},
journal = {Sci Ed},
volume = {1},
number = {2},
pages = {99-104},
year = {2014},
doi = {10.6087/kcse.2014.1.99},

URL = {http://www.escienceediting.org/journal/view.php?number=21},
eprint = {http://www.escienceediting.org/journal/view.php?number=21}
}
