@article{Hyland1999,
author = {Hyland, K},
title = {Academic attribution: citation and the construction of disciplinary knowledge},
journal = {Applied Linguistics},
volume = {20},
number = {3},
pages = {341-367},
year = {1999},
doi = {10.1093/applin/20.3.341},
URL = {http://dx.doi.org/10.1093/applin/20.3.341},
eprint = {/oup/backfile/content_public/journal/applij/20/3/10.1093/applin/20.3.341/2/200341.pdf}
}
