@article{Jaradeh2019,
  author    = {Mohamad Yaser Jaradeh and
               S{\"{o}}ren Auer and
               Manuel Prinz and
               Viktor Kovtun and
               G{\'{a}}bor Kismih{\'{o}}k and
               Markus Stocker},
  title     = {Open Research Knowledge Graph: Towards Machine Actionability in Scholarly
               Communication},
  journal   = {CoRR},
  volume    = {abs/1901.10816},
  year      = {2019},
  url       = {http://arxiv.org/abs/1901.10816},
  archivePrefix = {arXiv},
  eprint    = {1901.10816},
  timestamp = {Sun, 03 Feb 2019 14:23:05 +0100},
  biburl    = {https://dblp.org/rec/bib/journals/corr/abs-1901-10816},
  bibsource = {dblp computer science bibliography, https://dblp.org}
}
