@unknown{Jeong2019,
author = {Jeong, Chanwoo and Sion, Jang and Shin, Hyuna and Park, Eunjeong and Choi, Sungchul},
year = {2019},
month = {02},
title = {A Context-Aware Citation Recommendation Model with BERT and Graph Convolutional Networks},
url = {https://www.researchgate.net/publication/331346718_A_Context-Aware_Citation_Recommendation_Model_with_BERT_and_Graph_Convolutional_Networks}
}
