@article{Jha2017, title={NLP-driven citation analysis for scientometrics}, volume={23}, DOI={10.1017/S1351324915000443}, number={1}, journal={Natural Language Engineering}, publisher={Cambridge University Press}, author={JHA, RAHUL and JBARA, AMJAD-ABU and QAZVINIAN, VAHED and RADEV, DRAGOMIR R.}, year={2017}, pages={93â€“130}}
