@article{Jiang2012,
author = {Jiang, Yichen and Jia, Aixia and Feng, Yansong and Zhao, Dongyan},
year = {2012},
month = {09},
pages = {},
title = {Recommending academic papers via users' reading purposes},
journal = {RecSys'12 - Proceedings of the 6th ACM Conference on Recommender Systems},
doi = {10.1145/2365952.2366004}
}
