@InProceedings{Kitamoto2015,
  author = {Asanobu KITAMOTO and Yoko NISHIMURA},
  title = {Digital Criticism Platform for Supporting Evidence-based Interpretation of Sources},
  booktitle = {IPSJ SIG Computers and the Humanities Symposium 2015},
  pages = {211-218},
  year = 2015,
  month = 12,
  note = { (in Japanese)},
}
