@inproceedings{Kitamoto2016,
  author    = {Asanobu Kitamoto and
               Yoko Nishimura},
  title     = {Digital Criticism Platform for Evidence-based Digital Humanities with
               Applications to Historical Studies of Silk Road},
  booktitle = {Digital Humanities 2016},
  pages     = {596--600},
  year      = {2016},
  crossref  = {DBLP:conf/dihu/2016},
  url       = {http://id.nii.ac.jp/1001/00146547/},
  timestamp = {Wed, 11 Jul 2018 17:05:18 +0200},
  biburl    = {https://dblp.org/rec/bib/conf/dihu/KitamotoN16},
  bibsource = {dblp computer science bibliography, https://dblp.org}
}
