@inproceedings{Kobayashi2018,
 author = {Kobayashi, Yuta and Shimbo, Masashi and Matsumoto, Yuji},
 title = {Citation Recommendation Using Distributed Representation of Discourse Facets in Scientific Articles},
 booktitle = {Proceedings of the 18th ACM/IEEE on Joint Conference on Digital Libraries},
 series = {JCDL '18},
 year = {2018},
 isbn = {978-1-4503-5178-2},
 location = {Fort Worth, Texas, USA},
 pages = {243--251},
 numpages = {9},
 url = {http://doi.acm.org/10.1145/3197026.3197059},
 doi = {10.1145/3197026.3197059},
 acmid = {3197059},
 publisher = {ACM},
 address = {New York, NY, USA},
 keywords = {co-citation analysis, discourse facet, natural language processing, representation learning, scientific article},
}
