@InProceedings{Lamers2018,
  author = 	"Lamers, Wout and Eck , Nees Jan van and Waltman, Ludo and Hoos, Holger",
  title = 	"Patterns in citation context: the case of the field of scientometrics",
  booktitle = 	"STI 2018 Conference proceedings",
  year = 	"2018",
  publisher = 	"Centre for Science and Technology Studies (CWTS)",
  pages = 	"1114--1122",
  url = 	"http://hdl.handle.net/1887/65235"
}

