@InProceedings{levy-EtAl:2014:Coling,
  author    = {Levy, Ran  and  Bilu, Yonatan  and  Hershcovich, Daniel  and  Aharoni, Ehud  and  Slonim, Noam},
  title     = {Context Dependent Claim Detection},
  booktitle = {Proceedings of COLING 2014, the 25th International Conference on Computational Linguistics: Technical Papers},
  month     = {August},
  year      = {2014},
  address   = {Dublin, Ireland},
  publisher = {Dublin City University and Association for Computational Linguistics},
  pages     = {1489--1500},
  url       = {http://www.aclweb.org/anthology/C14-1141}
}
