@article{Ley2009,
 author = {Ley, Michael},
 title = {DBLP: Some Lessons Learned},
 journal = {Proc. VLDB Endow.},
 issue_date = {August 2009},
 volume = {2},
 number = {2},
 month = aug,
 year = {2009},
 issn = {2150-8097},
 pages = {1493--1500},
 numpages = {8},
 url = {https://doi.org/10.14778/1687553.1687577},
 doi = {10.14778/1687553.1687577},
 acmid = {1687577},
 publisher = {VLDB Endowment},
}
