@inproceedings{Liakata2010,
  title={Corpora for the Conceptualisation and Zoning of Scientific Papers},
  author={Maria Liakata and Simone Teufel and Advaith Siddharthan and Colin R. Batchelor},
  booktitle={LREC},
  year={2010}
}
