@article{Lippi2016,
 author = {Lippi, Marco and Torroni, Paolo},
 title = {Argumentation Mining: State of the Art and Emerging Trends},
 journal = {ACM Trans. Internet Technol.},
 issue_date = {April 2016},
 volume = {16},
 number = {2},
 month = mar,
 year = {2016},
 issn = {1533-5399},
 pages = {10:1--10:25},
 articleno = {10},
 numpages = {25},
 url = {http://doi.acm.org/10.1145/2850417},
 doi = {10.1145/2850417},
 acmid = {2850417},
 publisher = {ACM},
 address = {New York, NY, USA},
 keywords = {Argumentation mining, artificial intelligence, computational linguistics, knowledge representation, machine learning, social media},
}
