@inproceedings{Livne2014,
 author = {Livne, Avishay and Gokuladas, Vivek and Teevan, Jaime and Dumais, Susan T. and Adar, Eytan},
 title = {CiteSight: Supporting Contextual Citation Recommendation Using Differential Search},
 booktitle = {Proceedings of the 37th International ACM SIGIR Conference on Research \&\#38; Development in Information Retrieval},
 series = {SIGIR '14},
 year = {2014},
 isbn = {978-1-4503-2257-7},
 location = {Gold Coast, Queensland, Australia},
 pages = {807--816},
 numpages = {10},
 url = {http://doi.acm.org/10.1145/2600428.2609585},
 doi = {10.1145/2600428.2609585},
 acmid = {2609585},
 publisher = {ACM},
 address = {New York, NY, USA},
 keywords = {citation recommendation, differential search., personalization},
}
