@inproceedings{Mausam2012,
 author = {Mausam and Schmitz, Michael and Bart, Robert and Soderland, Stephen and Etzioni, Oren},
 title = {{Open Language Learning for Information Extraction}},
 booktitle = {Proceedings of the 2012 Joint Conference on Empirical Methods in Natural Language Processing and Computational Natural Language Learning},
 series = {EMNLP-CoNLL '12},
 year = {2012},
 location = {Jeju Island, Korea},
 pages = {523--534},
 numpages = {12},
 url = {http://dl.acm.org/citation.cfm?id=2390948.2391009},
 acmid = {2391009},
 publisher = {Association for Computational Linguistics},
 address = {Stroudsburg, PA, USA},
}
