@inproceedings{Mausam2016,
  title={{Open information extraction systems and downstream applications}},
  author={{Mausam}},
  booktitle={Proceedings of the Twenty-Fifth International Joint Conference on Artificial Intelligence},
  pages={4074--4077},
  year={2016},
  organization={AAAI Press}
}
