@article{Middleton2004,
 author = {Middleton, Stuart E. and Shadbolt, Nigel R. and De Roure, David C.},
 title = {Ontological User Profiling in Recommender Systems},
 journal = {ACM Trans. Inf. Syst.},
 issue_date = {January 2004},
 volume = {22},
 number = {1},
 month = jan,
 year = {2004},
 issn = {1046-8188},
 pages = {54--88},
 numpages = {35},
 url = {http://doi.acm.org/10.1145/963770.963773},
 doi = {10.1145/963770.963773},
 acmid = {963773},
 publisher = {ACM},
 address = {New York, NY, USA},
 keywords = {Agent, machine learning, ontology, personalization, recommender systems, user modelling, user profiling},
}
