@inproceedings{Middleton2001,
  title={Capturing knowledge of user preferences: ontologies in recommender systems},
  author={Stuart E. Middleton and David De Roure and Nigel Shadbolt},
  booktitle={K-CAP},
  year={2001}
}
