@article{Moravcsik1975,
 ISSN = {03063127},
 URL = {http://www.jstor.org/stable/284557},
 author = {Michael J. Moravcsik and Poovanalingam Murugesan},
 journal = {Social Studies of Science},
 number = {1},
 pages = {86--92},
 publisher = {Sage Publications, Ltd.},
 title = {Some Results on the Function and Quality of Citations},
 volume = {5},
 year = {1975}
}

