@article{myers1970journal,
  title={{Journal citations and scientific eminence in contemporary psychology.}},
  author={Myers, C Roger},
  journal={American Psychologist},
  volume={25},
  number={11},
  pages={1041},
  year={1970},
  publisher={American Psychological Association}
}
