@article{Nadeau2007,
  author = {Nadeau, David and Sekine, Satoshi},
  journal = {Linguisticae Investigationes},
  month = {January},
  number = 1,
  pages = {3--26},
  title = {A survey of named entity recognition and classification},
  volume = 30,
  year = 2007,
  doi = {10.1075/li.30.1.03nad}
}
