@mastersthesis{Nanba1998,
  title={Towards Multi-paper Summarization Using Reference Information},
  author={Hidetsugu Nanba},
  school={Japan Advanced Institute of Science and Technology},
  year={1998},
  month={2},
  url={http://www.ls.info.hiroshima-cu.ac.jp/~nanba/pdf/master_thesis.pdf},
  note={ (in Japanese)}
}
