@article{Nanba1999,
  title={Towards Multi-paper Summarization Using Reference Information},
  author={Hidetsugu Nanba and Manabu Okumura},
  journal={Journal of Natural Language Processing},
  volume={6},
  number={5},
  pages={43-62},
  year={1999},
  doi={10.5715/jnlp.6.5_43}
}
