@article{199943,
  title={論文間の参照情報を考慮したサーベイ論文作成支援システムの開発},
  author={難波 英嗣 and 奥村 学},
  journal={自然言語処理},
  volume={6},
  number={5},
  pages={43-62},
  year={1999},
  doi={10.5715/jnlp.6.5_43}
}