@InProceedings{Niklaus2018,
  author = 	"Niklaus, Christina
		and Cetto, Matthias
		and Freitas, Andr{\'e}
		and Handschuh, Siegfried",
  title = 	"A Survey on Open Information Extraction",
  booktitle = 	"Proceedings of the 27th International Conference on Computational Linguistics",
  year = 	"2018",
  publisher = 	"Association for Computational Linguistics",
  pages = 	"3866--3878",
  location = 	"Santa Fe, New Mexico, USA",
  url = 	"http://aclweb.org/anthology/C18-1326"
}
