@article{Okamura2008,
  title={Citation forms in scientific texts: Similarities and differences in L1 and L2 professional writing},
  author={Okamura, Akiko},
  journal={Nordic Journal of English Studies},
  volume={7},
  number={3},
  pages={61--81},
  year={2008}
}
