@masterthesis{Paszcza2016,
author = {Paszcza, Bartosz},
year = {2016},
month = {11},
pages = {69},
title = {Comparison of Microsoft Academic Graph with other scholarly citation databases}
}
