@article{Peroni2012,
title = {{FaBiO and CiTO: Ontologies for describing bibliographic resources and citations}},
journal = "Journal of Web Semantics",
volume = "17",
pages = "33 - 43",
year = "2012",
issn = "1570-8268",
doi = "https://doi.org/10.1016/j.websem.2012.08.001",
url = "http://www.sciencedirect.com/science/article/pii/S1570826812000790",
author = "Silvio Peroni and David Shotton",
keywords = "OWL, Publication characterization, Scholarly reference, Semantic publishing"
}
