@inproceedings{Popat:2016:CAT:2983323.2983661,
 author = {Popat, Kashyap and Mukherjee, Subhabrata and Str\"{o}tgen, Jannik and Weikum, Gerhard},
 title = {Credibility Assessment of Textual Claims on the Web},
 booktitle = {Proceedings of the 25th ACM International on Conference on Information and Knowledge Management},
 series = {CIKM '16},
 year = {2016},
 isbn = {978-1-4503-4073-1},
 location = {Indianapolis, Indiana, USA},
 pages = {2173--2178},
 numpages = {6},
 url = {http://doi.acm.org/10.1145/2983323.2983661},
 doi = {10.1145/2983323.2983661},
 acmid = {2983661},
 publisher = {ACM},
 address = {New York, NY, USA},
 keywords = {credibility analysis, rumor and hoax detection, text mining},
}
