@article{Potter1981,
  title={{Lotka's Law Revisited}},
  author={Potter, William Gray},
  year={1981},
  publisher={Graduate School of Library and Information Science. University of Illinois at Urbana-Champaign},
  issn={0024-2594},
  url={http://hdl.handle.net/2142/7191}
}
