@Article{Radev2013,
author="Radev, Dragomir R.
and Muthukrishnan, Pradeep
and Qazvinian, Vahed
and Abu-Jbara, Amjad",
title="The ACL anthology network corpus",
journal="Language Resources and Evaluation",
year="2013",
month="Dec",
day="01",
volume="47",
number="4",
pages="919--944",
abstract="We introduce the ACL Anthology Network (AAN), a comprehensive manually curated networked database of citations, collaborations, and summaries in the field of Computational Linguistics. We also present a number of statistics about the network including the most cited authors, the most central collaborators, as well as network statistics about the paper citation, author citation, and author collaboration networks.",
issn="1574-0218",
doi="10.1007/s10579-012-9211-2",
url="https://doi.org/10.1007/s10579-012-9211-2"
}

