@incollection{Ricci2015,
  title={Recommender systems: introduction and challenges},
  author={Ricci, Francesco and Rokach, Lior and Shapira, Bracha},
  booktitle={Recommender Systems Handbook},
  pages={1--34},
  year={2015},
  publisher={Springer}
}
