@inproceedings{Roy2016,
  author    = {Dwaipayan Roy and
               Kunal Ray and
               Mandar Mitra},
  title     = "{From a Scholarly Big Dataset to a Test Collection for Bibliographic
               Citation Recommendation}",
  series = "{SBD'16}",
  year      = {2016}
}
