@inproceedings{Saier2019,
  author    = {Tarek Saier and
               Michael F{\"{a}}rber},
  title     = {{Bibliometric-Enhanced arXiv: A Data Set for Paper-Based and
               Citation-Based Tasks}},
  booktitle = {Proceedings of the 8th International Workshop on
               Bibliometric-enhanced Information Retrieval (BIR) co-located
               with the 41st European Conference on Information Retrieval
               (ECIR 2019)},
  pages     = {14--26},
  year      = {2019},
  month     = apr,
  url       = {http://ceur-ws.org/Vol-2345/paper2.pdf},
  location  = {Cologne, Germany}
}
