@article{Schneider2013,
 author = {Schneider, Jodi and Groza, Tudor and Passant, Alexandre},
 title = {A Review of Argumentation for the Social Semantic Web},
 journal = {Semant. web},
 issue_date = {April 2013},
 volume = {4},
 number = {2},
 month = apr,
 year = {2013},
 issn = {1570-0844},
 pages = {159--218},
 numpages = {60},
 url = {http://dl.acm.org/citation.cfm?id=2590215.2590218},
 acmid = {2590218},
 publisher = {IOS Press},
 address = {Amsterdam, The Netherlands, The Netherlands},
 keywords = {Argumentation, Ontologies, Semantic Web, Social Web},
}
