@incollection{Shani2011evaluating,
  title={Evaluating recommendation systems},
  author={Shani, Guy and Gunawardana, Asela},
  booktitle={Recommender Systems Handbook},
  pages={265--308},
  year={2015},
  publisher={Springer}
}
