@article{DBLP:journals/corr/abs-1802-04538,
  author    = {Mayank Singh and
               Rajdeep Sarkar and
               Pawan Goyal and
               Animesh Mukherjee and
               Soumen Chakrabarti},
  title     = {Ranking State-of-the-art Papers via Incomplete Tournaments Induced
               by Citations from Performance Tables},
  journal   = {CoRR},
  volume    = {abs/1802.04538},
  year      = {2018},
  url       = {http://arxiv.org/abs/1802.04538},
  archivePrefix = {arXiv},
  eprint    = {1802.04538},
  timestamp = {Mon, 13 Aug 2018 16:46:30 +0200},
  biburl    = {https://dblp.org/rec/bib/journals/corr/abs-1802-04538},
  bibsource = {dblp computer science bibliography, https://dblp.org}
}
