@inproceedings{Sinha2015,
 author = {Sinha, Arnab and Shen, Zhihong and Song, Yang and Ma, Hao and Eide, Darrin and Hsu, Bo-June (Paul) and Wang, Kuansan},
 title = {An Overview of Microsoft Academic Service (MAS) and Applications},
 booktitle = {Proceedings of the 24th International Conference on World Wide Web},
 series = {WWW '15 Companion},
 year = {2015},
 isbn = {978-1-4503-3473-0},
 location = {Florence, Italy},
 pages = {243--246},
 numpages = {4},
 url = {http://doi.acm.org/10.1145/2740908.2742839},
 doi = {10.1145/2740908.2742839},
 acmid = {2742839},
 publisher = {ACM},
 address = {New York, NY, USA},
 keywords = {academic search, entity conflation, recommender systems},
}
