@article{Stab2016,
  author    = {Christian Stab and
               Iryna Gurevych},
  title     = {Parsing Argumentation Structures in Persuasive Essays},
  journal   = {CoRR},
  volume    = {abs/1604.07370},
  year      = {2016},
  url       = {http://arxiv.org/abs/1604.07370},
  archivePrefix = {arXiv},
  eprint    = {1604.07370},
  timestamp = {Mon, 13 Aug 2018 16:46:30 +0200},
  biburl    = {https://dblp.org/rec/bib/journals/corr/StabG16},
  bibsource = {dblp computer science bibliography, https://dblp.org}
}
