@InProceedings{Stanovsky2016,
  author = 	"Stanovsky, Gabriel
		and Dagan, Ido",
  title = 	"Creating a Large Benchmark for Open Information Extraction",
  booktitle = 	"Proceedings of the 2016 Conference on Empirical Methods in Natural      Language Processing    ",
  year = 	"2016",
  publisher = 	"Association for Computational Linguistics",
  pages = 	"2300--2305",
  location = 	"Austin, Texas",
  doi = 	"10.18653/v1/D16-1252",
  url = 	"http://aclweb.org/anthology/D16-1252"
}
