@inproceedings{Sugiyama2013,
 author = {Sugiyama, Kazunari and Kan, Min-Yen},
 title = {Exploiting Potential Citation Papers in Scholarly Paper Recommendation},
 booktitle = {Proceedings of the 13th ACM/IEEE-CS Joint Conference on Digital Libraries},
 series = {JCDL '13},
 year = {2013},
 isbn = {978-1-4503-2077-1},
 location = {Indianapolis, Indiana, USA},
 pages = {153--162},
 numpages = {10},
 url = {http://doi.acm.org/10.1145/2467696.2467701},
 doi = {10.1145/2467696.2467701},
 acmid = {2467701},
 publisher = {ACM},
 address = {New York, NY, USA},
 keywords = {citation analysis, collaborative filtering, digital library, information retrieval, recommendation},
}
