@article{doi:10.1093/applin/7.1.39,
author = {SWALES, JOHN},
title = {Citation Analysis and Discourse Analysis},
journal = {Applied Linguistics},
volume = {7},
number = {1},
pages = {39-56},
year = {1986},
doi = {10.1093/applin/7.1.39},
URL = {http://dx.doi.org/10.1093/applin/7.1.39},
eprint = {/oup/backfile/content_public/journal/applij/7/1/10.1093_applin_7.1.39/1/39.pdf}
}