@book{Swales1990,
  title={Genre analysis: English in academic and research settings},
  author={Swales, John},
  year={1990},
  publisher={Cambridge University Press}
}
