@article{Tbahriti2006,
title = "Using argumentation to retrieve articles with similar citations: An inquiry into improving related articles search in the MEDLINE digital library",
journal = "International Journal of Medical Informatics",
volume = "75",
number = "6",
pages = "488 - 495",
year = "2006",
note = "Recent Advances in Natural Language Processing for Biomedical Applications Special Issue",
issn = "1386-5056",
doi = "https://doi.org/10.1016/j.ijmedinf.2005.06.007",
url = "http://www.sciencedirect.com/science/article/pii/S1386505605000894",
author = "Imad Tbahriti and Christine Chichester and Frédérique Lisacek and Patrick Ruch",
keywords = "Argumentation, MEDLINE, Citation, Information storage and retrieval, Related article search"
}
