@INPROCEEDINGS{Teufel06b,
    author = {Simone Teufel and Advaith Siddharthan and Dan Tidhar},
    title = {An annotation scheme for citation function},
    booktitle = {In Proceedings of the 7th SIGdial Workshop on Discourse and Dialogue},
    year = {2006}
}
