@inproceedings{Teufel2006a,
 author = {Teufel, Simone and Siddharthan, Advaith and Tidhar, Dan},
 title = {Automatic Classification of Citation Function},
 booktitle = {Proceedings of the 2006 Conference on Empirical Methods in Natural Language Processing},
 series = {EMNLP '06},
 year = {2006},
 isbn = {1-932432-73-6},
 location = {Sydney, Australia},
 pages = {103--110},
 numpages = {8},
 url = {http://dl.acm.org/citation.cfm?id=1610075.1610091},
 acmid = {1610091},
 publisher = {Association for Computational Linguistics},
 address = {Stroudsburg, PA, USA},
}
