@phdthesis{Thompson2001,
  title={A pedagogically-motivated corpus-based examination of PhD theses: Macrostructure, citation practices and uses of modal verbs},
  author={Thompson, Paul},
  year={2001},
  school={University of Reading}
}
