@inproceedings{Tkaczyk2018,
 author = {Tkaczyk, Dominika and Collins, Andrew and Sheridan, Paraic and Beel, Joeran},
 title = {Machine Learning vs. Rules and Out-of-the-Box vs. Retrained: An Evaluation of Open-Source Bibliographic Reference and Citation Parsers},
 booktitle = {Proceedings of the 18th ACM/IEEE on Joint Conference on Digital Libraries},
 series = {JCDL '18},
 year = {2018},
 isbn = {978-1-4503-5178-2},
 location = {Fort Worth, Texas, USA},
 pages = {99--108},
 numpages = {10},
 url = {http://doi.acm.org/10.1145/3197026.3197048},
 doi = {10.1145/3197026.3197048},
 acmid = {3197048},
 publisher = {ACM},
 address = {New York, NY, USA},
 keywords = {bibliographic reference parsing, citation parsing, machine learning, sequence tagging},
}
