@techreport{Whidby2011,
  title={Citation handling for improved summarization of scientific documents},
  author={Whidby, Michael and Zajic, David and Dorr, Bonnie},
  year={2011}
}
