@article{White2004,
author = {White, Howard D.},
title = {Citation Analysis and Discourse Analysis Revisited},
journal = {Applied Linguistics},
volume = {25},
number = {1},
pages = {89-116},
year = {2004},
doi = {10.1093/applin/25.1.89},
URL = {http://dx.doi.org/10.1093/applin/25.1.89},
eprint = {/oup/backfile/content_public/journal/applij/25/1/10.1093/applin/25.1.89/2/250089.pdf}
}
