@InProceedings{D16-1177,
  author = 	"White, Aaron Steven
		and Reisinger, Drew
		and Sakaguchi, Keisuke
		and Vieira, Tim
		and Zhang, Sheng
		and Rudinger, Rachel
		and Rawlins, Kyle
		and Van Durme, Benjamin",
  title = 	"Universal Decompositional Semantics on Universal Dependencies",
  booktitle = 	"Proceedings of the 2016 Conference on Empirical Methods in Natural      Language Processing    ",
  year = 	"2016",
  publisher = 	"Association for Computational Linguistics",
  pages = 	"1713--1723",
  location = 	"Austin, Texas",
  doi = 	"10.18653/v1/D16-1177",
  url = 	"http://aclweb.org/anthology/D16-1177"
}

