@article{Wu2011,
author = {Wu, X. and Collilieux, X. and Altamimi, Z. and Vermeersen, B. L. A. and Gross, R. S. and Fukumori, I.},
title = {Accuracy of the International Terrestrial Reference Frame origin and Earth expansion},
journal = {Geophysical Research Letters},
volume = {38},
number = {13},
pages = {},
keywords = {geocenter motion, solid Earth expansion, terrestrial reference frames},
doi = {10.1029/2011GL047450},
url = {https://agupubs.onlinelibrary.wiley.com/doi/abs/10.1029/2011GL047450},
eprint = {https://agupubs.onlinelibrary.wiley.com/doi/pdf/10.1029/2011GL047450},
year = {2011}
}

