@article{Yokoi2009,
  title={An approach to similarity search for mathematical expressions using MathML},
  author={Yokoi, Keisuke and Aizawa, Akiko},
  journal={Towards a Digital Mathematics Library. Grand Bend, Ontario, Canada, July 8-9th, 2009},
  pages={27--35},
  year={2009},
  publisher={Masaryk University Press}
}
