@inproceedings{zanibbi2016ntcir,
  title={NTCIR-12 MathIR Task Overview.},
  author={Zanibbi, Richard and Aizawa, Akiko and Kohlhase, Michael and Ounis, Iadh and Goran Topic and Davila, Kenny},
  booktitle={Proceedings of the 12th NTCIR Conference},
  year={2016},
  month=jun,
  volume={12}
}
