@inproceedings{Zarrinkalam2012,
  title={A multi-criteria hybrid citation recommendation system based on linked data},
  author={Zarrinkalam, Fattane and Kahani, Mohsen},
  booktitle={2012 2nd International eConference on Computer and Knowledge Engineering (ICCKE)},
  pages={283--288},
  year={2012},
  organization={IEEE}
}
