@article{Zarrinkalam2013SemCiRAC,
  title={SemCiR: A citation recommendation system based on a novel semantic distance measure},
  author={Fattane Zarrinkalam and Mohsen Kahani},
  journal={Program: Electronic Library and Information Systems},
  year={2013},
  volume={47},
  pages={92-112}
}
