@InProceedings{Zhang2017,
  author = 	"Zhang, Sheng
		and Rudinger, Rachel
		and Durme, Benjamin Van",
  title = 	"An Evaluation of PredPatt and Open IE via Stage 1 Semantic Role Labeling",
  booktitle = 	"IWCS 2017 --- 12th International Conference on Computational Semantics ---      Short papers     ",
  year = 	"2017",
  url = 	"http://aclweb.org/anthology/W17-6944"
}
